@article {hh15,
  author={Hutchins, Holly},
  title={Outing the Imposter: Study Exploring Imposter Phenomenon among Higher Education Faculty},
  journal={New Horizons in Adult Education and Human Resource Development},
  volume={27},
  issue={2},
  year=2015,
  doi={10.1002/nha3.20098},
  pages={3-12}
}
@article {ahu61a,
  author={Arrow, Kenneth J. and Leonid Hurwicz and Hirofumi Uzawa},
  title={Constraint qualifications in maximization problems},
  journal={Naval Research Logistics Quarterly},
  volume={8},
  year=1961,
  pages={175-191}
}
@article {ahu61b,
  author={Arrow, Kenneth J. and Leonid Hurwicz and Hirofumi Uzawa},
  title={Constraint qualifications in maximization problems},
  journal={Naval Research Logistics Quarterly},
  volume={8},
  year=1961,
  pages={175-191}
}
@article {ahu61c,
  author={Arrow, Kenneth J. and Leonid Hurwicz and Hirofumi Uzawa},
  title={Constraint qualifications in maximization problems},
  journal={Naval Research Logistics Quarterly},
  volume={8},
  year=1961,
  pages={175-191}
}
@article {ahu61d,
  author={Arrow, Kenneth J. and Leonid Hurwicz and Hirofumi Uzawa},
  title={Constraint qualifications in maximization problems},
  journal={Naval Research Logistics Quarterly},
  volume={8},
  year=1961,
  pages={175-191}
}
@article {ahu61e,
  author={Arrow, Kenneth J. and Leonid Hurwicz and Hirofumi Uzawa},
  title={Constraint qualifications in maximization problems},
  journal={Naval Research Logistics Quarterly},
  volume={8},
  year=1961,
  pages={175-191}
}
